@book{Barbero2012,
  title = {Atlas of Muscle Innervation Zones},
  ISBN = {9788847024632},
  url = {http://dx.doi.org/10.1007/978-88-470-2463-2},
  DOI = {10.1007/978-88-470-2463-2},
  publisher = {Springer Milan},
  author = {Barbero,  Marco and Merletti,  Roberto and Rainoldi,  Alberto},
  year = {2012}
}

\cite{linuxlatency}

@inproceedings{linuxlatency,
  doi = {10.4230/LIPICS.ECRTS.2020.9},
  url = {https://drops.dagstuhl.de/entities/document/10.4230/LIPIcs.ECRTS.2020.9},
  author = {de Oliveira,  Daniel Bristot and Casini,  Daniel and de Oliveira,  R\^omulo Silva and Cucinotta,  Tommaso},
  keywords = {Real-time operating systems,  Linux kernel,  PREEMPT_RT,  Scheduling latency,  Computer systems organization → Real-time operating systems},
  language = {en},
  title = {Demystifying the Real-Time Linux Scheduling Latency},
  publisher = {Schloss Dagstuhl – Leibniz-Zentrum f\"{u}r Informatik},
  year = {2020},
  copyright = {Creative Commons Attribution 3.0 Unported license}
}

@inbook{Smith2021,
  title = {How to Initialize and Interact with Programmable I/O},
  ISBN = {9781484277539},
  url = {http://dx.doi.org/10.1007/978-1-4842-7753-9_10},
  DOI = {10.1007/978-1-4842-7753-9_10},
  booktitle = {RP2040 Assembly Language Programming},
  publisher = {Apress},
  author = {Smith,  Stephen},
  year = {2021},
  month = oct,
  pages = {177–200}
}

@inbook{Mller2020,
  title = {Flex Your Muscles: EMG-Based Serious Game Controls},
  ISBN = {9783030618148},
  ISSN = {1611-3349},
  url = {http://dx.doi.org/10.1007/978-3-030-61814-8_18},
  DOI = {10.1007/978-3-030-61814-8_18},
  booktitle = {Lecture Notes in Computer Science},
  publisher = {Springer International Publishing},
  author = {M\"{u}ller,  Philipp Niklas and Achenbach,  Philipp and Kleebe,  André Mihca and Schmitt,  Jan Ulrich and Lehmann,  Ute and Tregel,  Thomas and G\"{o}bel,  Stefan},
  year = {2020},
  pages = {230–242}
}

@article{Hopkins2006,
  doi = {10.1093/bjaceaccp/mki062},
  url = {https://doi.org/10.1093/bjaceaccp/mki062},
  year = {2006},
  month = feb,
  publisher = {Elsevier {BV}},
  volume = {6},
  number = {1},
  pages = {1--6},
  author = {Philip M Hopkins},
  title = {Skeletal muscle physiology},
  journal = {Continuing Education in Anaesthesia Critical Care {\&} Pain}
}

@BOOK{Klabunde2011-jo,
  title     = "Cardiovascular Physiology Concepts",
  author    = "Klabunde, Richard E",
  publisher = "Lippincott Williams and Wilkins",
  edition   =  2,
  month     =  sep,
  year      =  2011,
  address   = "Philadelphia, PA"
}

@article{Suarez2016,
  title = {Designing thermoelectric generators for self-powered wearable electronics},
  volume = {9},
  ISSN = {1754-5706},
  url = {http://dx.doi.org/10.1039/C6EE00456C},
  DOI = {10.1039/c6ee00456c},
  number = {6},
  journal = {Energy {\&} Environmental Science},
  publisher = {Royal Society of Chemistry (RSC)},
  author = {Suarez,  Francisco and Nozariasbmarz,  Amin and Vashaee,  Daryoosh and \"{O}zt\"{u}rk,  Mehmet C.},
  year = {2016},
  pages = {2099–2113}
}

@article{Kurniawan2022,
  title = {Electrochemical performance study of Ag/AgCl and Au flexible electrodes for unobtrusive monitoring of human biopotentials},
  volume = {3},
  ISSN = {2688-4011},
  url = {http://dx.doi.org/10.1002/nano.202100345},
  DOI = {10.1002/nano.202100345},
  number = {8},
  journal = {Nano Select},
  publisher = {Wiley},
  author = {Kurniawan,  Jonas F. and Allegra,  Alexis B. and Pham,  Timothy and Nguyen,  Andrew K. L. and Sit,  Nathan L. J. and Tjhia,  Boris and Shin,  Andrew J. and Coleman,  Todd P.},
  year = {2022},
  month = may,
  pages = {1277–1287}
}

@article{Chatterjee2020,
  title = {Review of noise removal techniques in ECG signals},
  volume = {14},
  ISSN = {1751-9683},
  url = {http://dx.doi.org/10.1049/iet-spr.2020.0104},
  DOI = {10.1049/iet-spr.2020.0104},
  number = {9},
  journal = {IET Signal Processing},
  publisher = {Institution of Engineering and Technology (IET)},
  author = {Chatterjee,  Shubhojeet and Thakur,  Rini Smita and Yadav,  Ram Narayan and Gupta,  Lalita and Raghuvanshi,  Deepak Kumar},
  year = {2020},
  month = dec,
  pages = {569–590}
}

@BOOK{Urick2015-pm,
  title     = "Fundamentals of microwave photonics",
  author    = "Urick, V J and Williams, Keith J and McKinney, Jason D",
  publisher = "John Wiley \& Sons",
  series    = "Wiley Series in Microwave and Optical Engineering",
  month     =  feb,
  year      =  2015,
  address   = "Nashville, TN",
  language  = "en"
}

@article{Seiti2023,
  title = {Advancements in tailoring PEDOT: PSS properties for bioelectronic applications: A comprehensive review},
  volume = {154},
  ISSN = {2772-9508},
  url = {http://dx.doi.org/10.1016/j.bioadv.2023.213655},
  DOI = {10.1016/j.bioadv.2023.213655},
  journal = {Biomaterials Advances},
  publisher = {Elsevier BV},
  author = {Seiti,  Miriam and Giuri,  Antonella and Corcione,  Carola Esposito and Ferraris,  Eleonora},
  year = {2023},
  month = nov,
  pages = {213655}
}

@article{Hou2024,
  title = {Highly Stretchable Self-Adhesive PEDOT:PSS Dry Electrodes for Biopotential Monitoring},
  ISSN = {2637-6105},
  url = {http://dx.doi.org/10.1021/acsapm.4c01233},
  DOI = {10.1021/acsapm.4c01233},
  journal = {ACS Applied Polymer Materials},
  publisher = {American Chemical Society (ACS)},
  author = {Hou,  Saiyin and Lv,  Dong and Li,  Yinghan and Li,  Zonglin and Liu,  Mengmeng and Yu,  Xinhong and Han,  Yanchun},
  year = {2024},
  month = jun 
}


@phdthesis{Esposito2018,
    title    = {The {ASPEN} platform : tools for mixed signal electronics, digital signal processing, and biomedical electronics},
    url      = {https://purl.stanford.edu/nq977kw3386},
    school   = {Department of Electrical Engineering, Stanford University},
    address  = {CA, USA},
    author   = {Esposito, William John},
    year     = {2018},
    type     = {{PhD} dissertation},
}

@misc{openbci,
  title = {{OpenBCI - Open Source Biosensing Tools (EEG, EMG, EKG, and more)}},
  howpublished = {\url{https://openbci.com/}},
  note = {Accessed: 2024-06}
}

@misc{myoware,
  title = {MyoWare Muscle Sensors},
  howpublished = {\url{https://www.sparkfun.com/myoware}},
  note = {Accessed: 2024-06}
}

@misc{pill,
  title = {{BioAmp} {EXG} Pill},
  howpublished = {\url{https://github.com/upsidedownlabs/BioAmp-EXG-Pill}},
  note = {Accessed: 2024-06}
}

@manual{AD7124-8,
  title        = {8-Channel, Low Noise, Low Power, 24-Bit, Sigma-Delta {ADC} with {PGA} and Reference},
  year         = {2023},
  number       = {AD7124-8},
  note         = {Rev. F},
  organization = {Analog Devices},
  url          = {https://www.analog.com/media/en/technical-documentation/data-sheets/ad7124-8.pdf}
}

@manual{AD4114,
  title        = {Single Supply, Multichannel, 31.25 {kSPS}, 24-Bit, Sigma-Delta {ADC} with ±10 {V} Inputs},
  year         = {2020},
  number       = {AD4114},
  note         = {Rev. A},
  organization = {Analog Devices},
  url          = {https://www.analog.com/media/en/technical-documentation/data-sheets/ad4114.pdf}
}

@manual{AD8226,
  title        = {Wide Supply Range, Rail-to-Rail Output Instrumentation Amplifier},
  year         = {2019},
  number       = {AD8226},
  note         = {Rev. D},
  organization = {Analog Devices},
  url          = {https://www.analog.com/media/en/technical-documentation/data-sheets/AD8226.pdf}
}
